@article{taylor2000does,
  title={Does internet research work?},
  author={Taylor, Humphrey},
  journal={International journal of market research},
  volume={42},
  number={1},
  pages={1--11},
  year={2000},
  publisher={SAGE Publications Sage UK: London, England}
}

@article{rosenbaum1983central,
  title={The central role of the propensity score in observational studies for causal effects},
  author={Rosenbaum, Paul R and Rubin, Donald B},
  journal={Biometrika},
  volume={70},
  number={1},
  pages={41--55},
  year={1983},
  publisher={Oxford University Press}
}